%%%%%%%%%%%%%%%%%%%%%%%%%%%%%%%% Literaturverzeichnis %%%%%%%%%%%%%%%%%%%%%%%%%%%%%%%%%%%%%%%%%%%%%%%%%%%%%%%%%%%%%%%%

@misc{PHP-Login,
	title 					= "Ein sicheres Login Skript mit PHP und MySQL erstellen – wikiHow",
	author					= "wikiHow",
	howpublished		= "\url{http://de.wikihow.com/Ein-sicheres-Login-Skript-mit-PHP-und-MySQL-erstellen}",
	note						= "[Zugriff: 14.03.2017]",
}

@book{SWB-435432907,
title = {Raspberry Pi : der praktische Einstieg; [einfach einsteigen, kein Vorwissen erforderlich; spannende Bastelprojekte zum Nachbauen; inkl. Grundlagen der Elektronik und Einführung in Python]},
series = {Rheinwerk Computing},
author = {Kampert, Daniel},
address = {Bonn},
publisher = {Rheinwerk Verl.},
year = {2015},
edition = {3., aktualisierte und erw. Aufl.},
isbn = {978-3-8362-3902-8},
size = {364 S. : Ill., graph. Darst. ; 230 mm x 172 mm},
keywords = {Raspberry Pi 2 Model B},
note = { 201509},
}

@misc{CortexA7,
	title 					= "Cortex™-A7 MPCore™ Technical Reference Manual",
	author					= "ARM Ltd.",
	howpublished		= "\url{http://infocenter.arm.com/help/index.jsp?topic=/com.arm.doc.ddi0464f/index.html}",
	note						= "[Zugriff: 04.04.2017]",
}

@misc{CortexA57,
	title 					= "ARM® Cortex®-A57 MPCore Processor Technical Reference Manual",
	author					= "ARM Ltd.",
	howpublished		= "\url{http://infocenter.arm.com/help/index.jsp?topic=/com.arm.doc.ddi0488h/index.html}",
	note						= "[Zugriff: 04.04.2017]",
}

@book{Tanenbaum,
title = {Computernetzwerke},
series = {Always learningit - informatik},
author = {Tanenbaum, Andrew S. and Wetherall, David},
address = {München [u.a.]},
publisher = {Pearson},
year = {2012},
edition = {5., aktualisierte Aufl.},
isbn = {978-3-86894-137-1},
size = {1032 S. : graph. Darst.},
}
@misc{SWB-430171331,
title = {Grundkurs Mobile Kommunikationssysteme : LTE-Advanced, UMTS, HSPA, GSM, GPRS, Wireless LAN und Bluetooth},
series = {SpringerLink : Bücher},
author = {Sauter, Martin},
address = {Wiesbaden},
publisher = {Springer Vieweg},
year = {2015},
edition = {6., überarb. Aufl. 2015},
isbn = {978-365-80834-2-7},
size = {Online-Ressource (XV, 433 S. 228 Abb, online resource)},
URL = {http://swbplus.bsz-bw.de/bsz430171331cov.htmhttp://dx.doi.org/10.1007/978-3-658-08342-7},
}

@book{SWB-378541420,
title = {Kryptografie : Verfahren, Protokolle, Infrastrukturen},
series = {iX-Edition},
author = {Schmeh, Klaus},
address = {Heidelberg},
publisher = {dpunkt-Verl.},
year = {2013},
edition = {5., aktual. Aufl.},
isbn = {978-3-86490-015-0},
size = {XXXI, 814 S. : Ill., graph. Darst. ; 25 cm},
}

@misc{Heise-WLAN,
	title 					= "WLAN-Verschlüsselung - WEP und WPA durchleuchtet",
	author					= "Dr. Alfred Arnold",
	howpublished		= "\url{https://www.heise.de/ct/artikel/WLAN-Verschluesselung-221639.html}",
	note						= "[Zugriff: 05.04.2017]",
}

@Book{abts2015grundkurs,
	author = {Abts, Dietmar},
	title = {Grundkurs JAVA : von den Grundlagen bis zu Datenbank- und Netzanwendungen},
	publisher = {Springer Vieweg},
	year = {2015},
	address = {Wiesbaden},
	isbn = {978-3-658-07967-3}
}
@Book{schicker2017datenbanken,
	author = {Schicker, Edwin},
	title = {Datenbanken und SQL Eine praxisorientierte Einführung mit Anwendungen in Oracle, SQL Server und MySQL},
	publisher = {Springer Fachmedien Wiesbaden GmbHSpringer Vieweg},
	year = {2017},
	address = {Wiesbaden},
	isbn = {978-3-658-16128-6}
}
@Book{plenk2017angewandte,
	author = {Plenk, Valentin},
	title = {Angewandte Netzwerktechnik kompakt Dateiformate, Übertragungsprotokolle und ihre Nutzung in Java-Applikationen},
	publisher = {Springer Fachmedien Wiesbaden GmbHSpringer Vieweg},
	year = {2017},
	address = {Wiesbaden},
	isbn = {978-3-658-15903-0}
}
@Book{pomaska2012webseiten-programmierung,
	author = {Pomaska, Günter},
	title = {Webseiten-Programmierung Sprachen, Werkzeuge, Entwicklung},
	publisher = {Springer Vieweg},
	year = {2012},
	address = {Wiesbaden},
	isbn = {978-3-8348-2484-4}
}
@Book{ballmann2012network,
	author = {Ballmann, Bastian},
	title = {Network Hacks - Intensivkurs Angriff und Verteidigung mit Python},
	publisher = {Springer Vieweg},
	year = {2012},
	address = {Berlin},
	isbn = {978-3-642-24304-2}
}
@Book{lutz2007einführung,
	author = {Lutz, Mark},
	title = {Einführung in Python : [moderne OO-Programmierung ; behandelt Python 2.5},
	publisher = {O'Reilly},
	year = {2007},
	address = {Beijing CambridgeFarnhamKölnParisSebastopolTaipeiTokyo},
	isbn = {3897214881}
}
@Book{hubertz2016softwaretests,
	author = {Hubertz, Johannes},
	title = {Softwaretests mit Python},
	publisher = {Springer Vieweg},
	year = {2016},
	address = {Berlin, Heidelberg},
	isbn = {3662486024}
}
@misc{GPIOMode77:online,
	author = {Raspberry Pi Foundation},
	title = {GPIO: Models A+, B+, Raspberry Pi 2 B and Raspberry Pi 3 B - Raspberry Pi Documentation},
	howpublished = {\url{https://www.raspberrypi.org/documentation/usage/gpio-plus-and-raspi2/README.md}},
	month = {},
	year = {},
	note = {(Zugriff: 30.10.2016)}
}

@misc{111861pd90:online,
	author = {Allnet},
	title = {www.allnet.de/fileadmin/transfer/products/111860.pdf},
	howpublished = {\url{http://www.allnet.de/fileadmin/transfer/products/111860.pdf}},
	month = {},
	year = {},
	note = {(Zugriff: 30.10.2016)}
}

@misc{joyitrpi87:online,
	author = {Joy-IT},
	title = {joy\_it\_rpi\_explorer700\_deutsch\_neu.pdf},
	howpublished = {\url{https://files.elv.com/Assets/Produkte/12/1274/127496/Downloads/joy_it_rpi_explorer700_deutsch_neu.pdf}},
	month = {},
	year = {},
	note = {(Zugriff: 06.03.2017)}
}
@misc{Adafruit60:online,
	author = {Adafruit},
	title = {Adafruit\_Python\_DHT 1.1.2 : Python Package Index},
	howpublished = {\url{https://pypi.python.org/pypi/Adafruit_Python_DHT/1.1.2}},
	month = {},
	year = {},
	note = {(Zugriff: 13.02.2017)}
}